5180772.60211
5914573.94133
5926129.80544
5595252.02062
5691417.2305
5804273.47428
5899697.9995
5969906.10119
5970655.77395
6007393.58144
6038528.95956
6066604.19113
6093002.03059
6118448.18795
6143318.74109
6167807.60739
6192014.87348
6215992.47178
6239767.6298
6263354.88355
6286762.23516
6309994.31466
6333054.00708
6355943.29189
6378663.677
6401216.42335
6423602.6613
6445823.45074
6467879.81192
6489772.74118
6511503.21873
6533072.21237
6554480.6792
6575729.56624
6596819.81067
6617752.33978
6638528.07095
6659147.91164
6679612.75934
6699923.50171
6720081.01668
6740086.17263
6759939.82861
6779642.83462
6799196.03189
6818600.25318
6837856.32314
6856965.05866
6875927.26918
6894743.75713
6913415.31824
6931942.74195
6950326.81175
6968568.30557
6986667.99612
7004626.65128
7022445.03442
7040123.90479
7057664.01778
7075066.12533
7092330.97617
7109459.3162
7126451.88873
7143309.43476
7160032.6933
7176622.40157
7193079.29529
7209404.10888
7225597.57571
7241660.42826
7257593.39837
7273397.21737
7289072.61629
7304620.32597
7320041.7313
7335336.25225
7350505.27683
7365549.53649
7380469.7631
7395266.68903
7409941.0472
7424493.57116
7438924.99514
7453236.05405
7467427.48354
7481500.02001
7495454.40064
7509291.36333
7523011.64678
7536615.99037
7550105.13425
7563479.81922
7576740.78672
7589888.77884
7602924.53816
7615848.80782
7628662.33137
7641365.85275
7653960.1162
7666445.86621
7678823.84743
7691094.80458
7703259.48242
7715318.62557
7727272.97854
7739123.28553
7750870.29042
7762514.73664
7774057.36708
7785498.924
7796840.14895
7808081.78262
7819224.56482
7830269.23432
7841216.52878
7852067.18465
7862821.93708
7873481.51982
7884046.6651
7894518.10358
7904896.56423
7915182.77424
7925377.45892
7935481.34164
7945495.1437
7955419.58427
7965255.38032
7975003.24648
7984663.895
7994238.03568
8003726.37574
8013129.6198
8022448.46975
8031683.62474
8040835.78103
8049905.63199
8058893.86799
8067801.17637
8076628.24132
8085375.74389
8094044.36186
8102634.76974
8111147.63867
8119583.6364
8127943.42721
8136227.67189
8144437.02768
8152572.1482
8160633.68343
8168622.27969
8176538.57955
8184383.22185
8192156.84158
8199860.06995
8207493.53428
8215057.85801
8222553.66064
8229981.55773
8237342.16088
8244636.07766
8251863.91165
8259026.26238
8266123.72533
8273156.89188
8280126.34935
8287032.68095
8293876.46577
8300658.27878
8307378.6908
8314038.26853
8320637.57449
8327177.16708
8333657.60052
8340079.42488
8346443.18605
8352749.42577
8358998.68162
8365191.48702
8371328.37123
8377409.85935
8383436.47234
8389408.72703
8395327.13609
8401192.20809
8407004.44747
8412764.35456
8418472.4256
8424129.15275
8429735.02408
8435290.52363
8440796.13136
8446252.32323
8451659.57117
8457018.3431
8462329.10299
8467592.3108
8472808.42258
8477977.89043
8483101.16254
8488178.68321
