5180772.60211
4303132.00703
4348996.72066
4395706.27335
4443226.80623
4491562.4177
4540721.90364
4590713.7495
4641545.41586
4693223.2912
4745752.76284
4799138.32046
4853383.67626
4908491.89659
4964465.54197
5021306.81356
5079017.7045
5137600.15516
5197056.21163
5257388.18715
5318598.82618
5380691.47077
5443670.22907
5507540.14566
5572307.37297
5637979.34353
5704564.94214
5772074.67726
5840520.85073
5909917.72517
5980281.68797
6051631.41131
6123988.00743
6197375.17867
6271819.36189
6347349.86691
6423999.00916
6501802.23654
6580798.25098
6661029.12523
6742540.4157
6825381.27242
6909604.5473
6995266.902
7082428.91714
7171155.20454
7261514.52428
7353579.88701
7447428.77455
7543143.15274
7640809.71976
7740520.08773
7842370.86604
7946464.0403
8052907.11086
8161813.39013
8273300.89988
8387498.28132
8504536.90737
8624556.76794
8747705.59482
8874139.3941
9004023.04005
9137530.93767
9274847.76108
9416169.27634
9561703.25835
9711670.51234
9866306.01248
10025860.1713
10190600.256
10360811.9699
10536801.2203
10718896.0958
10907449.0834
11102839.5553
11305476.565
11515801.9962
11734294.1166
11961471.5959
12197898.0618
12444187.2763
12701009.0333
12969095.8973
13249250.9243
13542356.5397
13849384.7576
14171409.0723
14509618.1393
14865331.8789
15240020.2199
15635325.1765
16053086.9117
16495374.6643
16964523.6297
17463179.1805
17994350.1865
18561473.6998
19168493.9345
19819959.3696
20521143.0193
21278192.5885
21695663.8671
21691463.3544
21686112.5012
21679636.8706
21672152.4557
21663650.2365
21654167.14
21643739.7837
21632404.4197
21620219.8506
21607152.1735
21593305.195
21578691.1249
21563343.5704
21547295.5407
21530579.4186
21513226.9355
21495269.1488
21476736.4226
21457658.4118
21438064.0483
21417981.5301
21397438.3134
21376461.1067
21355075.867
21333307.7987
21311181.3538
21288720.2344
21265947.3967
21242885.0567
21219554.6968
21195977.0743
21172172.2305
21148159.5017
21123957.5295
21099584.2739
21075057.0254
21050392.4189
21025606.4471
21000714.4752
20975731.2556
20950670.9426
20925547.1079
20900372.7556
20875160.338
20849921.7706
20824668.448
20799411.2589
20774160.6017
20748926.3997
20723718.1157
20698544.7675
20673414.942
20648336.8099
20623318.1398
20598366.3119
20573488.332
20548690.8447
20523980.1463
20499362.1975
20474842.6361
20450426.7889
20426119.6836
20401926.0602
20377850.3821
20353896.847
20330069.3974
20306371.731
20282807.3099
20259379.3711
20236090.9352
20212944.8152
20189943.6258
20167089.7911
20144385.5533
20121832.98
20099433.9719
20077190.2704
20055103.4641
20033174.9958
20011406.1692
19989798.1548
19968351.9963
19947068.616
19925948.821
19904993.3078
19884202.6683
19863577.3941
19843117.8816
19822824.4368
19802697.2792
19782736.5463
19762942.2979
19743314.5196
19723853.1269
19704557.9684
19685428.8298
19666465.4366
