5180772.60211
4362372.06198
4561554.9477
4440421.42487
4746883.1499
4993155.00439
5169453.04532
5289650.21729
5338118.0877
5399730.59576
5450528.46347
5495484.04239
5537210.06263
5577052.31284
5615700.64183
5653510.41239
5690667.34338
5727271.10996
5763377.58298
5799020.17224
5834220.63683
5868994.58334
5903354.27914
5937310.10427
5970871.30979
6004046.42083
6036843.45618
6069270.05214
6101333.53548
6133040.96902
6164399.18173
6195414.78996
6226094.21317
6256443.68617
6286469.26887
6316176.85435
6345572.17553
6374660.81093
6403448.18948
6431939.59484
6460140.16908
6488054.91603
6515688.70429
6543046.26995
6570132.21924
6596951.03088
6623507.05849
6649804.53287
6675847.5642
6701640.14436
6727186.14914
6752489.3405
6777553.36891
6802381.77565
6826977.99521
6851345.35767
6875487.0912
6899406.32448
6923106.0893
6946589.32303
6969858.87126
6992917.49035
7015767.85006
7038412.53614
7060854.05301
7083094.82627
7105137.2054
7126983.46632
7148636.42362
7170096.99183
7191367.85375
7212451.0165
7233348.4262
7254061.9704
7274593.48043
7294944.73375
7315117.45621
7335113.32425
7354933.96711
7374580.96892
7394055.87077
7413360.17271
7432495.33571
7451462.78351
7470263.90453
7488900.05356
7507372.55351
7525682.69706
7543831.74828
7561820.94413
7579651.49596
7597324.59095
7614841.39346
7632203.04634
7649410.67223
7666465.37471
7683368.23949
7700120.33553
7716722.71604
7733176.41954
7749482.47079
7765641.8817
7781655.65221
7797524.77111
7813250.2168
7828832.95806
7844273.95473
7859574.15837
7874734.51288
7889755.95508
7904639.4153
7919385.81783
7933996.08148
7948471.11996
7962811.84236
7977019.15349
7991093.95431
8005037.1422
8018849.61133
8032532.2529
8046085.95545
8059511.60506
8072810.0856
8085982.2789
8099029.06498
8111951.32215
8124749.92718
8137425.75545
8149979.68101
8162412.57673
8174725.31432
8186918.76445
8198993.79676
8210951.27995
8222792.08175
8234517.069
8246127.10758
8257623.06251
8269005.79785
8280276.17672
8291435.06129
8302483.3127
8313421.79106
8324251.35539
8334972.86355
8345587.17221
8356095.13678
8366497.61131
8376795.44848
8386989.49948
8397080.61392
8407069.6398
8416957.42338
8426744.80912
8436432.63959
8446021.75537
8455512.99494
8464907.19466
8474205.18858
8483407.80843
8492515.88348
8501530.24045
8510451.70343
8519281.0938
8528019.23009
8536666.92794
8545224.99995
8553694.25565
8562075.50139
8570369.54022
8578577.17184
8586699.19249
8594736.3949
8602689.56815
8610559.49766
8618346.96502
8626052.74803
8633677.6205
8641222.35228
8648687.7091
8656074.45258
8663383.34011
8670615.12479
8677770.55539
8684850.37626
8691855.32732
8698786.14391
8705643.55685
8712428.2923
8719141.07174
8725782.61193
8732353.62486
8738854.81769
8745286.89273
8751650.5474
8757946.47417
8764175.36054
8770337.88901
8776434.73706
8782466.57709
