5180772.60211
5945143.67929
5970563.32095
5638776.63422
5766827.74651
5906433.52668
6020587.8238
6103492.14328
6163689.20896
6210343.82515
6249588.42988
6284905.48603
6318141.21241
6350242.4151
6381688.92981
6412722.60539
6443465.09984
6473977.47244
6504290.17792
6534418.16258
6564368.48342
6594144.17127
6623746.20148
6653174.50675
6682428.50224
6711507.36051
6740410.15703
6769135.94783
6797683.81124
6826052.87021
6854242.304
6882251.35394
6910079.32572
6937725.58984
6965189.5808
6992470.79577
7019568.79277
7046483.18877
7073213.65765
7099759.9282
7126121.78213
7152299.05217
7178291.62022
7204099.4156
7229722.41337
7255160.63276
7280414.13562
7305483.02505
7330367.44393
7355067.57371
7379583.63309
7403915.87684
7428064.59464
7452030.10999
7475812.7791
7499412.98986
7522831.16085
7546067.74034
7569123.20534
7591998.0607
7614692.83816
7637208.09549
7659544.41565
7681702.40591
7703682.69704
7725485.94249
7747112.81763
7768564.01893
7789840.26325
7810942.28705
7831870.84568
7852626.71265
7873210.67897
7893623.5524
7913866.15682
7933939.33155
7953843.93069
7973580.82252
7993150.88885
8012555.02439
8031794.1362
8050869.14306
8069780.97494
8088530.57238
8107118.88598
8125546.87588
8143815.51116
8161925.76941
8179878.63617
8197675.10446
8215316.17427
8232802.85216
8250136.15071
8267317.08814
8284346.68784
8301225.97795
8317955.99095
8334537.76325
8350972.3348
8367260.74869
8383404.05078
8399404.09299
8415260.31307
8430974.57204
8446547.92327
8461981.42122
8477276.12109
8492433.07848
8507453.34912
8522337.98858
8537088.05197
8551704.59369
8566188.66713
8580541.32447
8594763.61636
8608856.59177
8622821.29767
8636658.77887
8650370.07777
8663956.23415
8677418.28501
8690757.26432
8703974.20287
8717070.12808
8730046.06383
8742903.03028
8755642.04374
8768264.11647
8780770.25658
8793161.46787
8805438.74969
8817603.0968
8829655.49929
8841596.94241
8853428.40648
8865150.86681
8876765.29355
8888272.65161
8899673.90059
8910969.99466
8922161.8825
8933250.50722
8944236.80627
8955121.71139
8965906.14853
8976591.03781
8987177.29342
8997665.82363
9008057.53069
9018353.31079
9028554.05406
9038660.64446
9048673.95981
9058594.87172
9068424.24559
9078162.94055
9087811.80946
9097371.69887
9106843.44904
9116227.89389
9125525.86098
9134738.17155
9143865.64047
9152909.07623
9161869.28097
9170747.05047
9179543.17413
9188258.43498
9196893.60972
9205449.46868
9213926.77585
9222326.2889
9230648.75918
9238894.93173
9247065.54531
9255161.33241
9263183.01927
9271131.32588
9279006.96604
9286810.64736
9294543.07127
9302204.93308
9309796.92198
9317319.72106
9324774.00736
9332160.4519
9339479.71969
9346732.46977
9353919.35524
9361041.0233
9368098.11528
9375091.26665
9382021.10711
9388888.26057
9395693.3452
9402436.97348
9409119.75223
9415742.28264
9422305.16033
9428808.97535
